<record><leader>00000cas a22000007a 4500</leader><controlfield tag="001">28516839</controlfield><controlfield tag="008">930726d191119uucaumr ne      0    0eng d</controlfield><datafield ind1=" " ind2=" " tag="010"><subfield code="a">sn 93060274 </subfield></datafield><datafield ind1=" " ind2=" " tag="040"><subfield code="a">MQN</subfield><subfield code="b">eng</subfield><subfield code="c">MQN</subfield><subfield code="d">OCL</subfield><subfield code="d">OCLCQ</subfield><subfield code="d">OCLCF</subfield><subfield code="d">OCLCO</subfield></datafield><datafield ind1="1" ind2=" " tag="029"><subfield code="a">AU@</subfield><subfield code="b">000025863308</subfield></datafield><datafield ind1=" " ind2=" " tag="042"><subfield code="a">msc</subfield></datafield><datafield ind1="0" ind2=" " tag="130"><subfield code="a">Good report (Ottowa, Ont.)</subfield></datafield><datafield ind1="1" ind2="4" tag="245"><subfield code="a">The Good report.</subfield></datafield><datafield ind1=" " ind2=" " tag="260"><subfield code="a">Ottowa, Ont. :</subfield><subfield code="b">Randall, Lawler, and McAlister</subfield></datafield><datafield ind1=" " ind2=" " tag="300"><subfield code="a">v.</subfield></datafield><datafield ind1=" " ind2=" " tag="310"><subfield code="a">Monthly,</subfield><subfield code="b">&lt;June 1913-&gt;</subfield></datafield><datafield ind1="0" ind2=" " tag="362"><subfield code="a">No. 1 (May 11, 1911)-</subfield></datafield><datafield ind1=" " ind2=" " tag="500"><subfield code="a">Published in: Los Angeles, Calif. &lt;June 1, 1913&gt;-</subfield></datafield><datafield ind1=" " ind2=" " tag="500"><subfield code="a">A Pentecostal and Missionary paper.</subfield></datafield><datafield ind1=" " ind2="0" tag="650"><subfield code="a">Pentecostals</subfield><subfield code="v">Newspapers.</subfield></datafield><datafield ind1=" " ind2="7" tag="655"><subfield code="a">Newspapers.</subfield><subfield code="2">fast</subfield><subfield code="0">(OCoLC)fst01423814</subfield></datafield><datafield ind1=" " ind2="7" tag="650"><subfield code="a">Pentecostals.</subfield><subfield code="2">fast</subfield><subfield code="0">(OCoLC)fst01057210</subfield></datafield><datafield ind1=" " ind2=" " tag="752"><subfield code="a">United States</subfield><subfield code="b">California</subfield><subfield code="c">Los Angeles</subfield><subfield code="d">Los Angeles.</subfield></datafield><datafield ind1=" " ind2=" " tag="752"><subfield code="a">Canada</subfield><subfield code="b">Ontario</subfield><subfield code="c">Ottowa-Carleton</subfield><subfield code="d">Ottowa.</subfield></datafield></record>